@misc{uber,
    author = "{Uber}",
    title = {{Explore the Uber Platform | Uber United States}},
    howpublished = {\url{https://www.uber.com/}},
    note = {Online; accessed 2 May 2020} ,
    year=2020,
}
